@misc{Maria_2021,
  doi = {10.48550/ARXIV.2101.11153},
  
  url = {https://arxiv.org/abs/2101.11153},
  
  author = {Okounkova, Maria and Farr, Will M. and Isi, Maximiliano and Stein, Leo C.},
  
  keywords = {General Relativity and Quantum Cosmology (gr-qc), High Energy Astrophysical Phenomena (astro-ph.HE), FOS: Physical sciences, FOS: Physical sciences},
  
  title = {Constraining gravitational wave amplitude birefringence and Chern-Simons gravity with GWTC-2},
  
  publisher = {arXiv},
  
  year = {2021},
  
  copyright = {Creative Commons Attribution 4.0 International}
}
